<?xml version="1.0" encoding="UTF-8"?>
<record>
  <leader>01713nam#a2200361#c#4500</leader>
  <controlfield tag="003">DE-605</controlfield>
  <controlfield tag="005">20230803162419.0</controlfield>
  <controlfield tag="007">tu</controlfield>
  <controlfield tag="008">090225|2005####xx############|||#|#eng#c</controlfield>
  <controlfield tag="001">990173607780206441</controlfield>
  <datafield tag="016" ind1="7" ind2=" ">
    <subfield code="a">315766831</subfield>
    <subfield code="2">OCoLC</subfield>
  </datafield>
  <datafield tag="020" ind1=" " ind2=" ">
    <subfield code="a">1553651006</subfield>
    <subfield code="9">1-55365-100-6</subfield>
  </datafield>
  <datafield tag="020" ind1=" " ind2=" ">
    <subfield code="a">1553651332</subfield>
    <subfield code="9">1-55365-133-2</subfield>
  </datafield>
  <datafield tag="035" ind1=" " ind2=" ">
    <subfield code="a">(DE-605)HT015844659</subfield>
  </datafield>
  <datafield tag="040" ind1=" " ind2=" ">
    <subfield code="a">Kn 3</subfield>
    <subfield code="b">ger</subfield>
    <subfield code="d">Kn 3</subfield>
    <subfield code="e">rakwb</subfield>
  </datafield>
  <datafield tag="041" ind1=" " ind2=" ">
    <subfield code="a">eng</subfield>
    <subfield code="a">engl.</subfield>
  </datafield>
  <datafield tag="245" ind1="0" ind2="0">
    <subfield code="a">David Milne - Watercolours</subfield>
    <subfield code="b">Painting toward the light [published on the occasion of David Milne Watercolours: Painting toward Light, the exhibition organized and circulated by the Art Gallery of Ontario, ... coincide with exhibitions held at the British Museum in London, July 7 - Sept. 25, 2005, the Metropolitan Museum of Art, New York, Nov. 8, 2005 - Jan. 29, 2006, and the Art Gallery of Ontario, Toronto, Feb. 25 - May 21, 2006]</subfield>
    <subfield code="c">Katharine Lochnan, with contributions by John O'Brian ...</subfield>
  </datafield>
  <datafield tag="264" ind1=" " ind2="1">
    <subfield code="a">Vancouver</subfield>
    <subfield code="b">Douglas &amp; McIntyre</subfield>
    <subfield code="c">2005</subfield>
  </datafield>
  <datafield tag="300" ind1=" " ind2=" ">
    <subfield code="a">192 S. : zahlr. Ill., teils farb.</subfield>
  </datafield>
  <datafield tag="689" ind1="0" ind2="0">
    <subfield code="a">Milne, David</subfield>
    <subfield code="d">1882-1953</subfield>
    <subfield code="D">p</subfield>
    <subfield code="0">(DE-588)119439735</subfield>
    <subfield code="B">GND-119439735</subfield>
  </datafield>
  <datafield tag="689" ind1="0" ind2="1">
    <subfield code="a">Aquarell</subfield>
    <subfield code="D">s</subfield>
    <subfield code="0">(DE-588)4002511-1</subfield>
    <subfield code="B">GND-04002511X</subfield>
  </datafield>
  <datafield tag="689" ind1="0" ind2="2">
    <subfield code="a">Geschichte 1911-1952</subfield>
    <subfield code="A">z</subfield>
  </datafield>
  <datafield tag="035" ind1=" " ind2=" ">
    <subfield code="a">(OCoLC)315766831</subfield>
  </datafield>
  <datafield tag="035" ind1=" " ind2=" ">
    <subfield code="a">(DE-599)BSZ262030039</subfield>
  </datafield>
  <datafield tag="964" ind1="0" ind2="s">
    <subfield code="F">030</subfield>
    <subfield code="A">a|1uc||||||37</subfield>
  </datafield>
  <datafield tag="964" ind1="0" ind2="s">
    <subfield code="F">050</subfield>
    <subfield code="A">a|||||||||||||</subfield>
  </datafield>
  <datafield tag="964" ind1="0" ind2="s">
    <subfield code="F">051</subfield>
    <subfield code="A">m|||||||</subfield>
  </datafield>
  <datafield tag="700" ind1="1" ind2=" ">
    <subfield code="a">Milne, David</subfield>
    <subfield code="d">1882-1953</subfield>
    <subfield code="0">(DE-588)119439735</subfield>
    <subfield code="4">ill</subfield>
    <subfield code="0">https://d-nb.info/gnd/119439735</subfield>
    <subfield code="0">http://viaf.org/viaf/40188681</subfield>
    <subfield code="B">GND-119439735</subfield>
  </datafield>
  <datafield tag="700" ind1="1" ind2=" ">
    <subfield code="a">Lochnan, Katharine</subfield>
    <subfield code="d">1946-</subfield>
    <subfield code="0">(DE-588)129768545</subfield>
    <subfield code="4">oth</subfield>
    <subfield code="0">https://d-nb.info/gnd/129768545</subfield>
    <subfield code="0">http://viaf.org/viaf/79038616</subfield>
    <subfield code="B">GND-129768545</subfield>
  </datafield>
  <datafield tag="700" ind1="1" ind2=" ">
    <subfield code="a">O'Brian, John</subfield>
    <subfield code="d">1944-</subfield>
    <subfield code="0">(DE-588)134138848</subfield>
    <subfield code="4">ctb</subfield>
    <subfield code="0">https://d-nb.info/gnd/134138848</subfield>
    <subfield code="0">http://viaf.org/viaf/85445774</subfield>
    <subfield code="B">GND-134138848</subfield>
  </datafield>
  <datafield tag="710" ind1="2" ind2=" ">
    <subfield code="a">Art Gallery of Ontario</subfield>
    <subfield code="0">(DE-588)1042203-1</subfield>
    <subfield code="4">oth</subfield>
    <subfield code="0">https://d-nb.info/gnd/004256018</subfield>
    <subfield code="0">http://viaf.org/viaf/151879312</subfield>
    <subfield code="B">GND-004256018</subfield>
  </datafield>
  <datafield tag="710" ind1="2" ind2=" ">
    <subfield code="a">British Museum</subfield>
    <subfield code="0">(DE-588)38379-X</subfield>
    <subfield code="4">oth</subfield>
    <subfield code="0">https://d-nb.info/gnd/000383791</subfield>
    <subfield code="0">http://viaf.org/viaf/134857252</subfield>
    <subfield code="B">GND-000383791</subfield>
  </datafield>
  <datafield tag="655" ind1=" " ind2="7">
    <subfield code="a">Ausstellungskatalog</subfield>
    <subfield code="y">2005</subfield>
    <subfield code="z">Toronto</subfield>
    <subfield code="0">(DE-588)4135467-9</subfield>
    <subfield code="2">gnd-content</subfield>
  </datafield>
  <datafield tag="MBD" ind1=" " ind2=" ">
    <subfield code="M">49HBZ_NETWORK</subfield>
    <subfield code="i">990173607780206441</subfield>
    <subfield code="n">HBZ Network</subfield>
  </datafield>
  <datafield tag="MBD" ind1=" " ind2=" ">
    <subfield code="M">49HBZ_BRIDGE_MFE</subfield>
    <subfield code="i">9912773307827</subfield>
    <subfield code="n">Museum Folkwang, Museumsbibliothek, Essen</subfield>
  </datafield>
  <datafield tag="MBD" ind1=" " ind2=" ">
    <subfield code="M">49HBZ_UBK</subfield>
    <subfield code="i">991042054709706476</subfield>
    <subfield code="n">Universität Köln</subfield>
  </datafield>
  <datafield tag="MNG" ind1=" " ind2=" ">
    <subfield code="c">System</subfield>
    <subfield code="f">ILS</subfield>
    <subfield code="i">marc21</subfield>
    <subfield code="k">01</subfield>
    <subfield code="e">false</subfield>
    <subfield code="d">2024-08-13 04:05:51 Europe/Berlin</subfield>
    <subfield code="g">017360778-HBZ01</subfield>
    <subfield code="j">60</subfield>
    <subfield code="a">import</subfield>
    <subfield code="b">2021-04-06 01:38:33 Europe/Berlin</subfield>
  </datafield>
  <datafield tag="H52" ind1="0" ind2=" ">
    <subfield code="b">Z9049</subfield>
    <subfield code="c">MF</subfield>
    <subfield code="h">Monogr.</subfield>
    <subfield code="8">226661350007827</subfield>
  </datafield>
  <datafield tag="HOL" ind1=" " ind2=" ">
    <subfield code="d">2023-08-07 13:28:35</subfield>
    <subfield code="8">226661350007827</subfield>
    <subfield code="b">2023-08-07 13:28:35</subfield>
    <subfield code="M">49HBZ_BRIDGE_MFE</subfield>
    <subfield code="g">false</subfield>
    <subfield code="a">System</subfield>
    <subfield code="c">System</subfield>
  </datafield>
  <datafield tag="ITM" ind1=" " ind2=" ">
    <subfield code="H">226661350007827</subfield>
    <subfield code="x">MF</subfield>
    <subfield code="f">BOOK</subfield>
    <subfield code="v">MF</subfield>
    <subfield code="p">11</subfield>
    <subfield code="X">System</subfield>
    <subfield code="Y">2011-09-20 02:00:00 Europe/Berlin</subfield>
    <subfield code="n">Monogr.</subfield>
    <subfield code="M">49HBZ_BRIDGE_MFE</subfield>
    <subfield code="s">1</subfield>
    <subfield code="d">0</subfield>
    <subfield code="V">System</subfield>
    <subfield code="b">keinBarcode</subfield>
    <subfield code="a">236661330007827</subfield>
    <subfield code="c">Monogr.</subfield>
    <subfield code="B">2008/35948</subfield>
    <subfield code="D">20110920</subfield>
    <subfield code="W">2023-08-07 15:28:35 Europe/Berlin</subfield>
    <subfield code="u">Z9049</subfield>
    <subfield code="w">Z9049</subfield>
  </datafield>
  <datafield tag="H52" ind1=" " ind2=" ">
    <subfield code="b">KN3</subfield>
    <subfield code="c">KN3-KMB</subfield>
    <subfield code="8">22319675430006476</subfield>
  </datafield>
  <datafield tag="HOL" ind1=" " ind2=" ">
    <subfield code="b">2023-08-22 16:41:42</subfield>
    <subfield code="8">22319675430006476</subfield>
    <subfield code="M">49HBZ_UBK</subfield>
    <subfield code="g">false</subfield>
    <subfield code="a">import</subfield>
  </datafield>
  <datafield tag="ITM" ind1=" " ind2=" ">
    <subfield code="H">22319675430006476</subfield>
    <subfield code="x">KN3-KMB</subfield>
    <subfield code="f">BOOK</subfield>
    <subfield code="v">KN3-KMB</subfield>
    <subfield code="p">X</subfield>
    <subfield code="X">AMO_HBZ_FIX</subfield>
    <subfield code="U">2023-08-21 12:59:00 Europe/Berlin</subfield>
    <subfield code="Y">2023-08-24 04:52:25 Europe/Berlin</subfield>
    <subfield code="h">false</subfield>
    <subfield code="n">KMB/K MILNE, 7  2005/06</subfield>
    <subfield code="G">1</subfield>
    <subfield code="M">49HBZ_UBK</subfield>
    <subfield code="s">1</subfield>
    <subfield code="d">#</subfield>
    <subfield code="V">import</subfield>
    <subfield code="L">Materialart: BOOK;Exemplar: 1. Ex.;Änderungsdatum: 16.12.2009;Abrufzeichen: BK</subfield>
    <subfield code="b">KMB/17/0106881</subfield>
    <subfield code="O">HBZ01: HT015844659 | Aufnahmedatum: 2017-01-09 | Klassifikation: 0</subfield>
    <subfield code="a">23319675420006476</subfield>
    <subfield code="B">G2009-3991</subfield>
    <subfield code="W">2023-08-22 18:41:42 Europe/Berlin</subfield>
    <subfield code="u">KN3</subfield>
    <subfield code="w">KN3</subfield>
  </datafield>
  <datafield tag="GKT" ind1="2" ind2=" ">
    <subfield code="a">&lt;&lt;The&gt;&gt; British Museum</subfield>
    <subfield code="A">GND</subfield>
    <subfield code="B">GND-000383791</subfield>
    <subfield code="C">410</subfield>
  </datafield>
  <datafield tag="GKT" ind1="2" ind2=" ">
    <subfield code="a">&lt;&lt;Das&gt;&gt; Britische Museum</subfield>
    <subfield code="A">GND</subfield>
    <subfield code="B">GND-000383791</subfield>
    <subfield code="C">410</subfield>
  </datafield>
  <datafield tag="GKT" ind1="2" ind2=" ">
    <subfield code="a">Britanskij Muzej</subfield>
    <subfield code="A">GND</subfield>
    <subfield code="B">GND-000383791</subfield>
    <subfield code="C">410</subfield>
  </datafield>
  <datafield tag="GKT" ind1="2" ind2=" ">
    <subfield code="a">Daiei Hakubutsukan</subfield>
    <subfield code="9">v:Vorlage</subfield>
    <subfield code="A">GND</subfield>
    <subfield code="B">GND-000383791</subfield>
    <subfield code="C">410</subfield>
  </datafield>
  <datafield tag="GKT" ind1="2" ind2=" ">
    <subfield code="a">Museum Britannicum</subfield>
    <subfield code="A">GND</subfield>
    <subfield code="B">GND-000383791</subfield>
    <subfield code="C">410</subfield>
  </datafield>
  <datafield tag="GKT" ind1="2" ind2=" ">
    <subfield code="a">Musée Britannique</subfield>
    <subfield code="A">GND</subfield>
    <subfield code="B">GND-000383791</subfield>
    <subfield code="C">410</subfield>
  </datafield>
  <datafield tag="GKT" ind1="2" ind2=" ">
    <subfield code="a">Britisches Museum</subfield>
    <subfield code="A">GND</subfield>
    <subfield code="B">GND-000383791</subfield>
    <subfield code="C">410</subfield>
  </datafield>
  <datafield tag="GKT" ind1="2" ind2=" ">
    <subfield code="a">BM</subfield>
    <subfield code="4">abku</subfield>
    <subfield code="i">Abkuerzung</subfield>
    <subfield code="A">GND</subfield>
    <subfield code="B">GND-000383791</subfield>
    <subfield code="C">410</subfield>
  </datafield>
  <datafield tag="GKT" ind1="2" ind2=" ">
    <subfield code="a">Museu Britanico</subfield>
    <subfield code="A">GND</subfield>
    <subfield code="B">GND-000383791</subfield>
    <subfield code="C">410</subfield>
  </datafield>
  <datafield tag="GKT" ind1="2" ind2=" ">
    <subfield code="a">London, British Museum</subfield>
    <subfield code="A">GND</subfield>
    <subfield code="B">GND-000383791</subfield>
    <subfield code="C">410</subfield>
  </datafield>
  <datafield tag="GKT" ind1="2" ind2=" ">
    <subfield code="9">U:Kana</subfield>
    <subfield code="a">ダイエイ ハクブツカン</subfield>
    <subfield code="A">GND</subfield>
    <subfield code="B">GND-000383791</subfield>
    <subfield code="C">410</subfield>
  </datafield>
  <datafield tag="GKT" ind1="2" ind2=" ">
    <subfield code="9">U:Jpan</subfield>
    <subfield code="a">大英博物館</subfield>
    <subfield code="9">v:Vorlage</subfield>
    <subfield code="A">GND</subfield>
    <subfield code="B">GND-000383791</subfield>
    <subfield code="C">410</subfield>
  </datafield>
  <datafield tag="GSI" ind1="7" ind2=" ">
    <subfield code="a">38379-X</subfield>
    <subfield code="0">http://d-nb.info/gnd/38379-X</subfield>
    <subfield code="2">gnd</subfield>
    <subfield code="A">GND</subfield>
    <subfield code="B">GND-000383791</subfield>
    <subfield code="C">024</subfield>
  </datafield>
  <datafield tag="GKT" ind1="2" ind2=" ">
    <subfield code="a">Musée des Beaux-Arts de l'Ontario</subfield>
    <subfield code="A">GND</subfield>
    <subfield code="B">GND-004256018</subfield>
    <subfield code="C">410</subfield>
  </datafield>
  <datafield tag="GKT" ind1="2" ind2=" ">
    <subfield code="a">AGO</subfield>
    <subfield code="4">abku</subfield>
    <subfield code="i">Abkuerzung</subfield>
    <subfield code="A">GND</subfield>
    <subfield code="B">GND-004256018</subfield>
    <subfield code="C">410</subfield>
  </datafield>
  <datafield tag="GSI" ind1="7" ind2=" ">
    <subfield code="a">1042203-1</subfield>
    <subfield code="0">http://d-nb.info/gnd/1042203-1</subfield>
    <subfield code="2">gnd</subfield>
    <subfield code="A">GND</subfield>
    <subfield code="B">GND-004256018</subfield>
    <subfield code="C">024</subfield>
  </datafield>
  <datafield tag="GST" ind1=" " ind2=" ">
    <subfield code="a">Aquarellmalerei</subfield>
    <subfield code="A">GND</subfield>
    <subfield code="B">GND-04002511X</subfield>
    <subfield code="C">450</subfield>
  </datafield>
  <datafield tag="GST" ind1=" " ind2=" ">
    <subfield code="a">Aquarelle</subfield>
    <subfield code="A">GND</subfield>
    <subfield code="B">GND-04002511X</subfield>
    <subfield code="C">450</subfield>
  </datafield>
  <datafield tag="GSI" ind1="7" ind2=" ">
    <subfield code="a">4002511-1</subfield>
    <subfield code="0">http://d-nb.info/gnd/4002511-1</subfield>
    <subfield code="2">gnd</subfield>
    <subfield code="A">GND</subfield>
    <subfield code="B">GND-04002511X</subfield>
    <subfield code="C">024</subfield>
  </datafield>
  <datafield tag="GPN" ind1="1" ind2=" ">
    <subfield code="a">Milne, David Brown</subfield>
    <subfield code="d">1882-1953</subfield>
    <subfield code="A">GND</subfield>
    <subfield code="B">GND-119439735</subfield>
    <subfield code="C">400</subfield>
  </datafield>
  <datafield tag="GPN" ind1="1" ind2=" ">
    <subfield code="a">Milne, David B.</subfield>
    <subfield code="d">1882-1953</subfield>
    <subfield code="A">GND</subfield>
    <subfield code="B">GND-119439735</subfield>
    <subfield code="C">400</subfield>
  </datafield>
  <datafield tag="GPN" ind1="1" ind2=" ">
    <subfield code="a">Brown Milne, David</subfield>
    <subfield code="d">1882-1953</subfield>
    <subfield code="A">GND</subfield>
    <subfield code="B">GND-119439735</subfield>
    <subfield code="C">400</subfield>
  </datafield>
  <datafield tag="GSI" ind1="7" ind2=" ">
    <subfield code="a">http://d-nb.info/gnd/119439735</subfield>
    <subfield code="2">uri</subfield>
    <subfield code="A">GND</subfield>
    <subfield code="B">GND-119439735</subfield>
    <subfield code="C">024</subfield>
  </datafield>
  <datafield tag="GSI" ind1="7" ind2=" ">
    <subfield code="a">134138848</subfield>
    <subfield code="0">http://d-nb.info/gnd/134138848</subfield>
    <subfield code="2">gnd</subfield>
    <subfield code="A">GND</subfield>
    <subfield code="B">GND-134138848</subfield>
    <subfield code="C">024</subfield>
  </datafield>
  <datafield tag="GPN" ind1="1" ind2=" ">
    <subfield code="a">Lochnan, Katharine Aileen</subfield>
    <subfield code="d">1946-</subfield>
    <subfield code="9">v:BN Opale plus</subfield>
    <subfield code="A">GND</subfield>
    <subfield code="B">GND-129768545</subfield>
    <subfield code="C">400</subfield>
  </datafield>
  <datafield tag="GPN" ind1="1" ind2=" ">
    <subfield code="a">Lochnan, Katharine Jordan</subfield>
    <subfield code="d">1946-</subfield>
    <subfield code="9">v:LoC-NA</subfield>
    <subfield code="A">GND</subfield>
    <subfield code="B">GND-129768545</subfield>
    <subfield code="C">400</subfield>
  </datafield>
  <datafield tag="GPN" ind1="1" ind2=" ">
    <subfield code="a">Lochnan, Katherine Aileen</subfield>
    <subfield code="d">1946-</subfield>
    <subfield code="A">GND</subfield>
    <subfield code="B">GND-129768545</subfield>
    <subfield code="C">400</subfield>
  </datafield>
  <datafield tag="GPN" ind1="1" ind2=" ">
    <subfield code="a">Lochnan, K.</subfield>
    <subfield code="d">1946-</subfield>
    <subfield code="A">GND</subfield>
    <subfield code="B">GND-129768545</subfield>
    <subfield code="C">400</subfield>
  </datafield>
  <datafield tag="GPN" ind1="1" ind2=" ">
    <subfield code="a">Lochnan, Katharine A.</subfield>
    <subfield code="d">1946-</subfield>
    <subfield code="A">GND</subfield>
    <subfield code="B">GND-129768545</subfield>
    <subfield code="C">400</subfield>
  </datafield>
  <datafield tag="GPN" ind1="1" ind2=" ">
    <subfield code="a">Jordan Lochnan, Katharine</subfield>
    <subfield code="d">1946-</subfield>
    <subfield code="A">GND</subfield>
    <subfield code="B">GND-129768545</subfield>
    <subfield code="C">400</subfield>
  </datafield>
  <datafield tag="GPN" ind1="1" ind2=" ">
    <subfield code="a">Jordan, Katharine A.</subfield>
    <subfield code="d">1946-</subfield>
    <subfield code="A">GND</subfield>
    <subfield code="B">GND-129768545</subfield>
    <subfield code="C">400</subfield>
  </datafield>
  <datafield tag="GSI" ind1="7" ind2=" ">
    <subfield code="a">129768545</subfield>
    <subfield code="0">http://d-nb.info/gnd/129768545</subfield>
    <subfield code="2">gnd</subfield>
    <subfield code="A">GND</subfield>
    <subfield code="B">GND-129768545</subfield>
    <subfield code="C">024</subfield>
  </datafield>
  <datafield tag="GPN" ind1="1" ind2=" ">
    <subfield code="a">Milne, David Brown</subfield>
    <subfield code="d">1882-1953</subfield>
    <subfield code="A">GND</subfield>
    <subfield code="B">GND-119439735</subfield>
    <subfield code="C">400</subfield>
  </datafield>
  <datafield tag="GPN" ind1="1" ind2=" ">
    <subfield code="a">Milne, David B.</subfield>
    <subfield code="d">1882-1953</subfield>
    <subfield code="A">GND</subfield>
    <subfield code="B">GND-119439735</subfield>
    <subfield code="C">400</subfield>
  </datafield>
  <datafield tag="GPN" ind1="1" ind2=" ">
    <subfield code="a">Brown Milne, David</subfield>
    <subfield code="d">1882-1953</subfield>
    <subfield code="A">GND</subfield>
    <subfield code="B">GND-119439735</subfield>
    <subfield code="C">400</subfield>
  </datafield>
  <datafield tag="GSI" ind1="7" ind2=" ">
    <subfield code="a">http://d-nb.info/gnd/119439735</subfield>
    <subfield code="2">uri</subfield>
    <subfield code="A">GND</subfield>
    <subfield code="B">GND-119439735</subfield>
    <subfield code="C">024</subfield>
  </datafield>
</record>
